%% This BibTeX bibliography file was created using BibDesk.
%% http://bibdesk.sourceforge.net/

%% Created for Peng Xu at 2018-04-13 15:27:02 -0400 


%% Saved with string encoding Unicode (UTF-8) 



@article{PROUD2014,
	Author = {A. Broggi P. Cerri S. Debattisti M. Laghi P. Medici M. Panciroli and A. Prioletti},
	Date-Added = {2018-04-13 19:22:37 +0000},
	Date-Modified = {2018-04-13 19:23:50 +0000},
	Journal = {Proc. IEEE Intell. Veh. Symp},
	Keywords = {AutonomousVehicle},
	Pages = {648--654},
	Title = {PROUD --- Public road urban driverless test: Architecture and results},
	Year = {2014}}

@article{BerthaDrive2014,
	Author = {J. Ziegler P. Bender M. Schreiber H. Lategahn T. Strauss C. Stiller T. Dang, U. Franke N. Appenrodt C. G. Keller E. Kaus R. G. Herrtwich C. Rabe D. Pfeiffer F. Lindner F. Stein F. Erbs M. Enzweiler C. Kn{\"o}ppel J. Hipp M. Haueis M. Trepte C. Brenk A. Tamke M. Ghanaat M. Braun A. Joos H. Fritz H. Mock M. Hein and E. Zeeb},
	Date-Added = {2018-04-13 19:19:43 +0000},
	Date-Modified = {2018-04-13 19:22:19 +0000},
	Journal = {IEEE Intell. Transportation Syst. Mag.},
	Keywords = {AutonomousVehicle},
	Number = {2},
	Pages = {8--20},
	Title = {Making Bertha drive --- An autonomous journey on a historic route},
	Volume = {6},
	Year = {2014}}

@article{FullyAD,
	Author = {J. Levinson J. Askeland J. Becker J. Dolson D. Held S. Kammel J. Kolter D. Langer O. Pink V. Pratt M. Sokolsky G. Stanek D. Stavens A. Teichman M. Werling and S. Thrun},
	Date-Added = {2018-04-13 19:17:13 +0000},
	Date-Modified = {2018-04-13 19:19:18 +0000},
	Journal = {Proc. IEEE Intell. Veh. Symp},
	Keywords = {AutonomousVehicle},
	Pages = {163--168},
	Title = {Towards fully autonomous driving: Systems and algorithms},
	Year = {2011}}

@book{DARPA2009,
	Address = {Berlin, Germany},
	Author = {M. Buehler K. Iagnemma and S. Singh},
	Date-Added = {2018-04-13 19:14:23 +0000},
	Date-Modified = {2018-04-13 19:16:42 +0000},
	Keywords = {AutonomousVehicle},
	Publisher = {Springer},
	Title = {The DARPA Urban Challenge --- Autonomous Vehicles in City Traffic},
	Year = {2009}}

@conference{STAIR2007,
	Address = {Vancouver, B.C},
	Author = {M. Quigley E. Berger and A. Y. Ng},
	Booktitle = {AAAI 2007 Robotics Workshop},
	Date-Added = {2018-04-12 03:55:27 +0000},
	Date-Modified = {2018-04-12 03:57:13 +0000},
	Keywords = {Tool},
	Month = {August},
	Title = {STAIR: Hardware and Software Architecture},
	Year = {2007}}

@article{ROS2009,
	Author = {Quigley M. Conley K. Gerkey B. P. Faust J. Foote T. Leibs J. Wheeler R. Ng, A.Y.},
	Date-Added = {2018-04-12 03:38:01 +0000},
	Date-Modified = {2018-04-12 03:39:11 +0000},
	Journal = {ICRA Workshop on Open Source Software},
	Keywords = {Tool},
	Title = {Ros: an open-source robot operating system},
	Year = {2009}}

@article{jmeSim2012,
	Author = {A. Haber and M. McGill and C. Sammut},
	Date-Added = {2018-04-12 03:37:08 +0000},
	Date-Modified = {2018-04-12 03:40:32 +0000},
	Journal = {ICRA Workshop on Open Source Software},
	Keywords = {Tool},
	Month = {01},
	Title = {jmeSim: An Open Source, Multi Platform Robotics Simulator},
	Year = {2012}}

@article{Makov2004,
	Author = {D. Dolgov and E. H. Durfee},
	Date-Added = {2018-04-11 23:51:47 +0000},
	Date-Modified = {2018-04-11 23:53:10 +0000},
	Journal = {Proceedings of the Third International Joint Conference on Autonomous Agents and Multiagent Systems (AAMAS-04)},
	Keywords = {ACC},
	Title = {Graphical models in local, asymmetric multi-agent Markov decision processes},
	Year = {2004}}

@article{Communicative2002,
	Author = {D. V. Pynadath and M. Tambe},
	Date-Added = {2018-04-11 23:39:59 +0000},
	Date-Modified = {2018-04-11 23:43:28 +0000},
	Journal = {Journal of AI research},
	Keywords = {ACC},
	Pages = {389--423},
	Title = {The communicative multiagent team decision problem: Analyzing teamwork theories and models},
	Volume = {16},
	Year = {2002}}

@conference{Multi-agentCooperation2001,
	Address = {Montreal, Canada},
	Author = {P. Xuan V. Lesser and S. Zilberstein},
	Booktitle = {the Fifth International Conference on Autonomous Agents},
	Date-Added = {2018-04-11 23:37:57 +0000},
	Date-Modified = {2018-04-11 23:43:03 +0000},
	Keywords = {ACC},
	Pages = {616--623},
	Publisher = {ACM},
	Title = {Communication decisions in multi-agent cooperation: model and experiments},
	Year = {2001}}

@article{JointAction2003,
	Author = {N. Fulda and D. Ventura},
	Date-Added = {2018-04-11 23:31:02 +0000},
	Date-Modified = {2018-04-11 23:31:54 +0000},
	Journal = {International Conference on Machine Learning and Applications},
	Keywords = {ACC},
	Title = {Dynamic Joint Action Perception for Q-Learning Agents},
	Year = {2003}}

@conference{Sparse2004,
	Address = {Banff, Canada},
	Author = {J. R. Kok and N. Vlassis},
	Booktitle = {Sparse Cooperative Q-learning},
	Date-Added = {2018-04-11 23:28:05 +0000},
	Date-Modified = {2018-04-11 23:30:34 +0000},
	Editor = {R. Greiner and D. Schuurmans},
	Keywords = {ACC},
	Month = {July},
	Pages = {481--488},
	Publisher = {ACM},
	Title = {Proc. of the 21st Int. Conf. on Machine Learning},
	Year = {2004}}

@techreport{GameControl2005,
	Author = {R. Emery-Montermerlo},
	Date-Added = {2018-04-11 23:26:05 +0000},
	Date-Modified = {2018-04-11 23:27:33 +0000},
	Institution = {Technical Report CMU-RI-TR-05-36, Robotics Institute, Carnegie Mellon University},
	Keywords = {ACC},
	Month = {August},
	Title = {Game-theoretic control for robot teams},
	Year = {2005}}

@article{DistributedRL-Traffic2000,
	Author = {M. D. Pendrith},
	Date-Added = {2018-04-11 23:23:10 +0000},
	Date-Modified = {2018-04-11 23:24:19 +0000},
	Journal = {the fourth international conference on Autonomous Agents},
	Keywords = {ACC},
	Pages = {404 -- 411},
	Title = {Distributed reinforcement learning for a traffic engineering application},
	Year = {2000}}

@article{CACC1999,
	Author = {C. Unsal P. Kachroo and J. S},
	Date-Added = {2018-04-11 23:20:46 +0000},
	Date-Modified = {2018-04-11 23:42:52 +0000},
	Journal = {IEEE Transactions on Systems, Man and Cybernetics - Part A : Systems and Humans},
	Keywords = {ACC},
	Number = {1},
	Pages = {120--128},
	Title = {Simulation study of multiple intelligent vehicle control using stochastic learning automata},
	Volume = {29},
	Year = {1999}}

@article{Predictive2014,
	Author = {B. Boots A. Byravan and D. Fox},
	Date-Added = {2018-04-10 22:04:53 +0000},
	Date-Modified = {2018-04-11 23:00:17 +0000},
	Journal = {International Conference on Robotics and Automation (ICRA)},
	Keywords = {Robot Manipulation},
	Title = {Learning predictive models of a depth camera and manipulator from raw execution traces},
	Year = {2014}}

@article{Deepmpc2015,
	Author = {I. Lenz R. Knepper and A. Saxena},
	Date-Added = {2018-04-10 22:03:31 +0000},
	Date-Modified = {2018-04-10 22:06:45 +0000},
	Journal = {Robotics Science and Systems (RSS)},
	Keywords = {Robot Manipulation},
	Title = {Deepmpc: Learning deep latent features for model predictive control},
	Year = {2015}}

@article{Trajectory2012,
	Author = {Y. Tassa T. Erez and E. Todorov},
	Date-Added = {2018-04-10 22:01:51 +0000},
	Date-Modified = {2018-04-10 22:03:02 +0000},
	Journal = {International Conference on Intelligent Robots and Systems (IROS)},
	Keywords = {Robot Manipulation},
	Title = {Synthesis and stabilization of complex behaviors through online trajectory optimization},
	Year = {2012}}

@article{HeliNg2007,
	Author = {P. Abbeel A. Coates M. Quigley and A. Y. Ng},
	Date-Added = {2018-04-10 21:56:06 +0000},
	Date-Modified = {2018-04-10 21:57:17 +0000},
	Journal = {Neural Informa- tion Processing Systems (NIPS)},
	Keywords = {Robot Manipulation},
	Title = {An application of reinforcement learning to aerobatic helicopter flight},
	Year = {2007}}

@article{PolicySearch2011,
	Author = {M. Deisenroth and C. E. Rasmussen},
	Date-Added = {2018-04-10 21:43:39 +0000},
	Date-Modified = {2018-04-10 22:07:42 +0000},
	Journal = {nternational Conference on Machine Learning (ICML)},
	Keywords = {Robot Manipulation},
	Title = {Pilco: A model-based and data-efficient approach to policy search},
	Year = {2011}}

@article{Visuomotor2016,
	Author = {S. Levine C. Finn T. Darrell and P. Abbeel},
	Date-Added = {2018-04-10 21:31:32 +0000},
	Date-Modified = {2018-04-10 21:32:18 +0000},
	Journal = {Journal of Machine Learning Research (JMLR)},
	Keywords = {RL},
	Title = {End-to-end training of deep visuomotor policies},
	Year = {2016}}

@article{RooticGrasping2016,
	Author = {S. Levine P. Pastor A. Krizhevsky and D. Quillen},
	Date-Added = {2018-04-10 21:30:19 +0000},
	Date-Modified = {2018-04-10 21:31:01 +0000},
	Journal = {International Symposium on Experimental Robotics (ISER)},
	Keywords = {RL},
	Title = {Learning hand-eye coordination for robotic grasping with deep learning and large-scale data collection},
	Year = {2016}}

@article{Grasp2016,
	Author = {L. Pinto and A. Gupta},
	Date-Added = {2018-04-10 21:28:10 +0000},
	Date-Modified = {2018-04-10 21:29:46 +0000},
	Journal = {International Conference on Robotics and Automation (ICRA)},
	Keywords = {RL},
	Title = {Supersizing self-supervision: Learning to grasp from 50k tries and 700 robot hours},
	Year = {2016}}

@article{RobotSoccer2009,
	Author = {M. Riedmiller T. Gabel R. Hafner and S. Lange},
	Date-Added = {2018-04-10 21:26:53 +0000},
	Date-Modified = {2018-04-10 21:27:45 +0000},
	Journal = {Autonomous Robots},
	Keywords = {RL},
	Title = {Reinforcement learning for robot soccer},
	Year = {2009}}

@article{cite-key,
	Date-Added = {2018-04-10 21:26:33 +0000},
	Date-Modified = {2018-04-10 21:26:33 +0000},
	Keywords = {AutonomousVehicle}}

@article{LongrangeVision2009,
	Author = {R. Hadsell P. Sermanet J. Ben A. Erkan M. Scoffier K. Kavukcuoglu U. Muller and Y. LeCun},
	Date-Added = {2018-04-10 21:24:45 +0000},
	Date-Modified = {2018-04-10 21:26:05 +0000},
	Journal = {Journal of Field Robotics (JFR)},
	Keywords = {AutonomousVehicle},
	Title = {Learning long-range vision for autonomous off-road driving},
	Year = {2009}}

@article{AutonomousLand1989,
	Author = {D. Pomerleau},
	Date-Added = {2018-04-10 21:23:24 +0000},
	Date-Modified = {2018-04-10 21:24:16 +0000},
	Journal = {Neural Information Processing Systems (NIPS)},
	Keywords = {AutonomousVehicle},
	Title = {Alvinn: an autonomous land vehicle in a neural network},
	Year = {1989}}

@article{FieldersNature2003,
	Author = {P. McLeod N. Reed and Z. Dienes},
	Date-Added = {2018-04-10 21:20:05 +0000},
	Date-Modified = {2018-04-10 21:22:52 +0000},
	Journal = {Nature},
	Keywords = {Robot Manipulation},
	Title = {Psychophysics: How fielders arrive in time to catch the ball},
	Year = {2003}}

@article{DrivingUrban2008,
	Author = {Chris Urmson etc},
	Date-Added = {2018-04-10 20:44:14 +0000},
	Date-Modified = {2018-04-10 20:47:07 +0000},
	Journal = {Journal of Field Robotics},
	Keywords = {AutonomousVehicle},
	Title = {Autonomous driving in urban environments: Boss and the Urban Challenge},
	Volume = {25},
	Year = {2008}}

@conference{AutonomousStructured,
	Address = {Tokyo, Japan},
	Author = {A. Vatavu R. Danescu S. Nedevschi},
	Booktitle = {Intelligent Vehicles Symposium},
	Date-Added = {2018-04-10 20:38:36 +0000},
	Date-Modified = {2018-04-10 20:49:55 +0000},
	Keywords = {AutonomousVehicle},
	Month = {September},
	Publisher = {IEEE},
	Title = {Autonomous Driving in Structured and Unstructured Environments},
	Year = {2006}}

@article{PushPlanning2011,
	Author = {A. Cosgun T. Hermans V. Emeli and M. Stilman},
	Date-Added = {2018-04-10 20:13:36 +0000},
	Date-Modified = {2018-04-10 20:14:16 +0000},
	Journal = {nternational Conference on Intelligent Robots and Systems (IROS)},
	Keywords = {Robot Manipulation},
	Title = {Push planning for object placement on cluttered table surfaces},
	Year = {2011}}

@article{VisionBased1993,
	Author = {M. Salganicoff G. Metta A. Oddera and G. Sandini},
	Date-Added = {2018-04-10 20:12:32 +0000},
	Date-Modified = {2018-04-10 20:13:19 +0000},
	Journal = {AAAI Fall Symposium Series},
	Keywords = {Robot Manipulation},
	Title = {A vision-based learning method for pushing manipulation},
	Year = {1993}}

@article{Mechanics1986,
	Author = {M. Mason},
	Date-Added = {2018-04-10 20:11:21 +0000},
	Date-Modified = {2018-04-10 20:12:01 +0000},
	Journal = {The International Journal of Robotics Research (IJRR)},
	Keywords = {Robot Manipulation},
	Title = {Mechanics and planning of manipulator pushing operations},
	Year = {1986}}

@article{IROS2016,
	Author = {K. T. Yu M. Bauza N. Fazeli and A. Rodriguez},
	Date-Added = {2018-04-10 20:09:50 +0000},
	Date-Modified = {2018-04-10 20:16:34 +0000},
	Journal = {International Conference on Intelligent Robots and Systems (IROS)},
	Keywords = {Robot Manipulation},
	Title = {More than a million ways to be pushed: A high-fidelity experimental data set of planar pushing},
	Year = {2016}}

@article{Visual1995,
	Author = {H. Murase and S. K. Nayar},
	Date-Added = {2018-04-10 20:07:48 +0000},
	Date-Modified = {2018-04-10 20:08:53 +0000},
	Journal = {International Journal of Computer Vision (IJCV)},
	Keywords = {ObjectRecognition},
	Title = {Visual learning and recognition of 3-d objects from appearance},
	Year = {1995}}

@article{ObjectRecognition2009,
	Author = {A. Collet D. Berenson S. S. Srinivasa and D. Ferguson},
	Date-Added = {2018-04-10 20:05:45 +0000},
	Date-Modified = {2018-04-10 20:09:06 +0000},
	Journal = {International Conference on Robotics and Automation (ICRA)},
	Keywords = {ObjectRecognition},
	Title = {Object recognition and full pose registration from a single image for robotic manipulation},
	Year = {2009}}

@article{DynamicsDoor2013,
	Author = {F. Endres J.Trinkle and W. Burgard},
	Date-Added = {2018-04-10 19:56:04 +0000},
	Date-Modified = {2018-04-10 20:02:12 +0000},
	Journal = {nternational Conference on Intelligent Robots and Systems (IROS)},
	Keywords = {Robot Manipulation},
	Title = {Learning the dynamics of doors for robotic manipulation},
	Year = {2013}}

@article{ManipulatorPushing1986,
	Author = {M. Mason},
	Date-Added = {2018-04-10 01:44:47 +0000},
	Date-Modified = {2018-04-10 01:45:42 +0000},
	Journal = {The International Journal of Robotics Research (IJRR)},
	Title = {Mechanics and planning of manipulator pushing operations},
	Year = {1986}}

@article{PlanningFramework2012,
	Author = {M. R. Dogar and S. S. Srinivasa},
	Date-Added = {2018-04-10 01:42:41 +0000},
	Date-Modified = {2018-04-10 22:07:53 +0000},
	Journal = {Autonomous Robots},
	Keywords = {Robot Manipulation},
	Title = {A planning framework for non-prehensile manipulation under clutter and uncertainty},
	Year = {2012}}

@book{Murray1994,
	Author = {R. M. Murray Z. Li and S. S. Sastry},
	Date-Added = {2018-04-10 01:30:40 +0000},
	Date-Modified = {2018-04-10 22:10:57 +0000},
	Keywords = {Robot Manipulation},
	Publisher = {CRC press},
	Title = {A mathematical introduction to robotic manipulation},
	Year = {1994}}

@article{OK-Robot-1987,
	Author = {O. Khatib},
	Date-Added = {2018-04-10 01:23:51 +0000},
	Date-Modified = {2018-04-10 20:02:36 +0000},
	Journal = {IEEE Journal on Robotics and Automation},
	Keywords = {Robot Manipulation},
	Title = {A unified approach for motion and force control of robot manipulators: The operational space formulation},
	Year = {1987}}

@article{WANG2015727,
	Author = {R. Wang and others},
	Date-Added = {2018-04-08 19:22:08 +0000},
	Date-Modified = {2018-04-08 19:35:06 +0000},
	Doi = {https://doi.org/10.1016/j.ymssp.2014.12.026},
	Issn = {0888-3270},
	Journal = {Mechanical Systems and Signal Processing},
	Keywords = {AutonomousVehicle},
	Pages = {727 - 741},
	Title = {Integrated optimal dynamics control of 4WD4WS electric ground vehicle with tire-road frictional coefficient estimation},
	Url = {http://www.sciencedirect.com/science/article/pii/S088832701500031X},
	Volume = {60-61},
	Year = {2015},
	Bdsk-Url-1 = {http://www.sciencedirect.com/science/article/pii/S088832701500031X},
	Bdsk-Url-2 = {https://doi.org/10.1016/j.ymssp.2014.12.026}}

@article{OpenAIGYM2016,
	Archiveprefix = {arXiv},
	Author = {Greg Brockman and Vicki Cheung and Ludwig Pettersson and Jonas Schneider and John Schulman and Jie Tang and Wojciech Zaremba},
	Bibsource = {dblp computer science bibliography, http://dblp.org},
	Biburl = {http://dblp.org/rec/bib/journals/corr/BrockmanCPSSTZ16},
	Date-Modified = {2018-04-10 01:28:06 +0000},
	Eprint = {1606.01540},
	Journal = {CoRR},
	Keywords = {Tool},
	Timestamp = {Wed, 07 Jun 2017 14:41:24 +0200},
	Title = {OpenAI Gym},
	Url = {http://arxiv.org/abs/1606.01540},
	Volume = {abs/1606.01540},
	Year = {2016},
	Bdsk-Url-1 = {http://arxiv.org/abs/1606.01540}}

@misc{Hettich1998UCI,
	Author = {Hettich, C. B. S. and Merz, C.},
	Title = {{UCI} repository of machine learning databases},
	Year = {1998}}

@phdthesis{Allis1994PhD,
	Author = {Allis, L. V.},
	Keywords = {Games},
	School = {Maastricht University},
	Title = {Searching for Solutions in Games and Artificial Intelligence},
	Year = {1994}}

@inproceedings{Colbert2012,
	Author = {Colbert, R. and others},
	Booktitle = {Journal of Machine Learning Research},
	Pages = {2493--2537},
	Title = {Natural language processing (almost) from scratch},
	Volume = {12},
	Year = {2011}}

@inproceedings{Hinton2012Speech,
	Author = {Hinton, G. and others},
	Booktitle = {IEEE Signal Processing Magazine},
	Pages = {82--97},
	Title = {Deep neural networks for acoustic modeling in speech recognition},
	Volume = {29},
	Year = {2012}}

@inproceedings{Krizhevsky2012ImageNet,
	Author = {Krizhevsky, A. and Sutskever, I. and Hinton, G.},
	Booktitle = {Proc. Advances in Neural Information Processing Systems},
	Pages = {1090--1098},
	Title = {ImageNet classification with deep convolutional neural networks},
	Volume = {25},
	Year = {2012}}

@article{LeCun2015Nature,
	Author = {LeCun, Y. and Bengio, Y. and Hinton, G.},
	Date-Modified = {2018-04-10 01:27:34 +0000},
	Journal = {Nature},
	Keywords = {DL},
	Pages = {436--444},
	Title = {Deep Learning},
	Year = {2015}}

@book{Mitchell1997Book,
	Author = {Mitchell, T. M.},
	Publisher = {McGraw Hill},
	Title = {Machine Learning},
	Year = {1997}}

@article{Mnih2015AtariNature,
	Author = {Mni, V. and others},
	Date-Modified = {2018-04-09 21:47:06 +0000},
	Journal = {Nature},
	Keywords = {DRL},
	Pages = {529--533},
	Title = {Human-level control through deep reinforcement learning},
	Year = {2015}}

@article{Samuel1959Checkers,
	Author = {Samuel, A. L.},
	Journal = {IBM Journal},
	Number = {3},
	Pages = {210--229},
	Title = {Some Studies in Machine Learning Using the Game of Checkers},
	Volume = {3},
	Year = {1959}}

@article{Silver2016GoNature,
	Author = {Silver, D. and others},
	Journal = {Nature},
	Pages = {484--489},
	Title = {Mastering the game of Go with deep neural networks and tree search},
	Volume = {529},
	Year = {2016}}

@book{Sutton1998RL,
	Author = {Sutton, R. S. and Barto, A. G.},
	Date-Modified = {2018-04-10 01:27:45 +0000},
	Keywords = {RL},
	Publisher = {MIT Press},
	Title = {Reinforcement Learning: An Introduction},
	Year = {1998}}

@article{Tesauro1995TD,
	Author = {Tesauro, G.},
	Journal = {Communications of the ACM},
	Number = {3},
	Title = {Temporal difference learning and TD-Gammon},
	Volume = {38},
	Year = {1995}}
